@article{quiroga2016,
	title={An{\'a}lisis de sentimientos basado en aspectos: un modelo para identificar la polaridad de cr{\'\i}ticas de usuario},
	author={Quiroga, Miguel Angel Rosales and Ayala, Darnes Vilari{\~n}o and Pinto, David and Tovar, Mireya and Beltr{\'a}n, Beatriz},
	journal={Research in Computing Science},
	volume={115},
	pages={171--180},
	year={2016}
}